@INPROCEEDINGS{Riedmiller93adirect,
    author = {Martin Riedmiller and Heinrich Braun},
    title = {A Direct Adaptive Method for Faster Backpropagation Learning: The RPROP Algorithm},
    booktitle = {IEEE INTERNATIONAL CONFERENCE ON NEURAL NETWORKS},
    year = {1993},
    pages = {586--591},
    publisher = {}
}